@misc{Name,
    author = "",
    title = "",
    howpublished  = "\url{}",
    note = "Accessed: xx/xx-2024"
}
