@misc{Name,
    author = "",
    title = "",
    howpublished  = "\url{}",
    note = "Accessed: xx/xx-2024"
}

@misc{tb4,
    author = "Clearpath Robotics, by Rockwell Automation ",
    title = "TurtleBot 4",
    howpublished  = "\url{https://clearpathrobotics.com/turtlebot-4/}",
    note = "Accessed: 23/03-2025"
}
